<?xml version="1.0" encoding="UTF-8"?><collection xmlns="http://www.loc.gov/MARC21/slim"><record><leader>00417nam--2200145-i-4500</leader><controlfield tag="001">000007181</controlfield><controlfield tag="002">20161230</controlfield><controlfield tag="005">20170306223354</controlfield><controlfield tag="008">060222s1000------------r-----000-0-eng-d</controlfield><datafield ind1=" " ind2=" " tag="100"><subfield code="a">Dutra, C. V</subfield></datafield><datafield ind1=" " ind2=" " tag="245"><subfield code="a">Dois fluorimetros simplificados para determinacao de uranio</subfield></datafield><datafield ind1=" " ind2=" " tag="260"><subfield code="a">Bela Horizonte</subfield><subfield code="b">Instituto De Pesquisas Radioativas</subfield><subfield code="c">1958</subfield></datafield><datafield ind1=" " ind2=" " tag="300"><subfield code="a">11 p</subfield></datafield><datafield ind1=" " ind2=" " tag="852"><subfield code="a">543.426:553.495</subfield></datafield><datafield ind1=" " ind2=" " tag="CAT"><subfield code="a">SYS</subfield><subfield code="c">20170306</subfield><subfield code="h">223354</subfield></datafield></record></collection>